<record><leader>00000cas a2200000 i 4500</leader><controlfield tag="001">10536091</controlfield><controlfield tag="008">840319d17961798ctuwr ne      0    0eng c</controlfield><datafield ind1=" " ind2=" " tag="010"><subfield code="a">sn 84022691 </subfield></datafield><datafield ind1=" " ind2=" " tag="040"><subfield code="a">NPX</subfield><subfield code="b">eng</subfield><subfield code="e">rda</subfield><subfield code="c">NPX</subfield><subfield code="d">DLC</subfield><subfield code="d">NPX</subfield><subfield code="d">NPA</subfield><subfield code="d">DLC</subfield><subfield code="d">MGN</subfield><subfield code="d">KNP</subfield><subfield code="d">CNW</subfield><subfield code="d">MGN</subfield><subfield code="d">CNW</subfield><subfield code="d">FUG</subfield><subfield code="d">NVK</subfield><subfield code="d">OCL</subfield><subfield code="d">CVF</subfield><subfield code="d">DLC</subfield><subfield code="d">NYS</subfield><subfield code="d">KRTAS</subfield><subfield code="d">OCLCQ</subfield><subfield code="d">OCLCF</subfield><subfield code="d">OCLCO</subfield><subfield code="d">IUL</subfield></datafield><datafield ind1=" " ind2=" " tag="042"><subfield code="a">pcc</subfield></datafield><datafield ind1=" " ind2=" " tag="043"><subfield code="a">n-us-ct</subfield></datafield><datafield ind1="0" ind2="0" tag="050"><subfield code="a">Newspaper Microfilm 3112</subfield></datafield><datafield ind1="0" ind2=" " tag="130"><subfield code="a">Weekly monitor (Litchfield, Conn. : 1796)</subfield></datafield><datafield ind1="1" ind2="0" tag="245"><subfield code="a">Weekly monitor.</subfield></datafield><datafield ind1="3" ind2="0" tag="246"><subfield code="a">Monitor</subfield></datafield><datafield ind1=" " ind2="1" tag="264"><subfield code="a">Litchfield, Connecticut. :</subfield><subfield code="b">Printed by T. Collier,</subfield><subfield code="c">1796-1798.</subfield></datafield><datafield ind1=" " ind2=" " tag="300"><subfield code="a">3 volumes.</subfield></datafield><datafield ind1=" " ind2=" " tag="310"><subfield code="a">Weekly</subfield></datafield><datafield ind1=" " ind2=" " tag="336"><subfield code="a">text</subfield><subfield code="b">txt</subfield><subfield code="2">rdacontent</subfield></datafield><datafield ind1=" " ind2=" " tag="337"><subfield code="a">unmediated</subfield><subfield code="b">n</subfield><subfield code="2">rdamedia</subfield></datafield><datafield ind1=" " ind2=" " tag="338"><subfield code="a">volume</subfield><subfield code="b">nc</subfield><subfield code="2">rdacarrier</subfield></datafield><datafield ind1="0" ind2=" " tag="362"><subfield code="a">Vol. XII, no. 563 (May 18, 1796)-vol. XII, no. 650 (January 24, 1798) ; no. 651 (Jan. 31, 1798)-no. 654 (Feb. 21, 1798).</subfield></datafield><datafield ind1="4" ind2=" " tag="510"><subfield code="a">Brigham, C.S. Early American newspapers</subfield><subfield code="c">p. 31</subfield></datafield><datafield ind1=" " ind2=" " tag="515"><subfield code="a">Issues for Jan. 31-Feb. 21, 1798 lack volume numbering.</subfield></datafield><datafield ind1=" " ind2=" " tag="530"><subfield code="a">Available on microfilm and microopaque from Readex Microprint Corp.</subfield></datafield><datafield ind1=" " ind2="0" tag="651"><subfield code="a">Litchfield (Conn.)</subfield><subfield code="v">Newspapers.</subfield></datafield><datafield ind1=" " ind2="0" tag="651"><subfield code="a">Litchfield County (Conn.)</subfield><subfield code="v">Newspapers.</subfield></datafield><datafield ind1=" " ind2="7" tag="651"><subfield code="a">Connecticut</subfield><subfield code="z">Litchfield.</subfield><subfield code="2">fast</subfield><subfield code="0">(OCoLC)fst01224866</subfield></datafield><datafield ind1=" " ind2="7" tag="651"><subfield code="a">Connecticut</subfield><subfield code="z">Litchfield County.</subfield><subfield code="2">fast</subfield><subfield code="0">(OCoLC)fst01211989</subfield></datafield><datafield ind1=" " ind2="7" tag="655"><subfield code="a">Newspapers.</subfield><subfield code="2">fast</subfield><subfield code="0">(OCoLC)fst01423814</subfield></datafield><datafield ind1=" " ind2=" " tag="752"><subfield code="a">United States</subfield><subfield code="b">Connecticut</subfield><subfield code="c">Litchfield</subfield><subfield code="d">Litchfield.</subfield></datafield><datafield ind1="0" ind2="0" tag="780"><subfield code="t">Litchfield monitor; and agricultural register</subfield><subfield code="w">(DLC)sn 87062337</subfield><subfield code="w">(OCoLC)16638283</subfield></datafield><datafield ind1="0" ind2="0" tag="785"><subfield code="t">Monitor (Litchfield, Conn. : 1798)</subfield><subfield code="w">(DLC)sn 82016394</subfield><subfield code="w">(OCoLC)9310059</subfield></datafield><datafield ind1="4" ind2="1" tag="856"><subfield code="u">http://infoweb.newsbank.com/?db=EANX&amp;s_browseRef=decades/109C9F607B33F9B0/all.xml</subfield></datafield><datafield ind1=" " ind2=" " tag="938"><subfield code="a">Kirtas Technologies, Inc.</subfield><subfield code="b">KRTS</subfield><subfield code="n">738292</subfield></datafield><datafield ind1="1" ind2=" " tag="029"><subfield code="a">AU@</subfield><subfield code="b">000020129110</subfield></datafield></record>